@ARTICLE{Inf_Front,
 author = {Lee K. and Park, J. and Kim and I. et al.},
 title = {Predicting movie success with machine learning techniques: ways to improve accuracy},
 journal = {Information Systems Frontiers},
 year = {2016},
 DOI = {https://doi.org/10.1007/s10796-016-9689-z},
 Publisher = {Springer US}
}

@MISC{dataset,
 author = {Fabien Daniel and Rounak Banik and Martin Ellis},
 howpublished = "\url{https://www.kaggle.com/rounakbanik/the-movies-dataset}",
 note = {Online; Last access 10-March-2018}
}
